<record><leader>00000cas a2200000 a 4500</leader><controlfield tag="001">27263502</controlfield><controlfield tag="008">930115d195u196ucauwr ne      0    0eng c</controlfield><datafield ind1=" " ind2=" " tag="010"><subfield code="a">sn 92069915 </subfield></datafield><datafield ind1=" " ind2=" " tag="040"><subfield code="a">CNK</subfield><subfield code="b">eng</subfield><subfield code="c">CNK</subfield><subfield code="d">OCLCQ</subfield><subfield code="d">OCLCF</subfield><subfield code="d">OCLCO</subfield></datafield><datafield ind1=" " ind2=" " tag="042"><subfield code="a">pcc</subfield></datafield><datafield ind1=" " ind2=" " tag="043"><subfield code="a">n-us-ca</subfield></datafield><datafield ind1="0" ind2=" " tag="130"><subfield code="a">Butterfield express (Sunnymead, Moreno Valley, Calif.)</subfield></datafield><datafield ind1="1" ind2="0" tag="245"><subfield code="a">Butterfield express.</subfield></datafield><datafield ind1=" " ind2=" " tag="260"><subfield code="a">Sunnymead, Riverside County, Calif. :</subfield><subfield code="b">J.E. Lewis</subfield></datafield><datafield ind1=" " ind2=" " tag="300"><subfield code="a">v.</subfield></datafield><datafield ind1=" " ind2=" " tag="310"><subfield code="a">Weekly</subfield></datafield><datafield ind1=" " ind2=" " tag="588"><subfield code="a">Description based on: Vol. 1, no. 20 (July 13, 1955).</subfield></datafield><datafield ind1=" " ind2="0" tag="651"><subfield code="a">Riverside County (Calif.)</subfield><subfield code="v">Newspapers.</subfield></datafield><datafield ind1=" " ind2="7" tag="655"><subfield code="a">Newspapers.</subfield><subfield code="2">fast</subfield><subfield code="0">(OCoLC)fst01423814</subfield></datafield><datafield ind1=" " ind2="7" tag="651"><subfield code="a">California</subfield><subfield code="z">Riverside County.</subfield><subfield code="2">fast</subfield><subfield code="0">(OCoLC)fst01205486</subfield></datafield><datafield ind1=" " ind2=" " tag="752"><subfield code="a">United States</subfield><subfield code="b">California</subfield><subfield code="c">Riverside</subfield><subfield code="d">Moreno Valley.</subfield></datafield></record>